@article{zhou2015cnnlocalization,
  title   = {{Learning Deep Features for Discriminative Localization.}},
  author  = {Zhou, B. and Khosla, A. and Lapedriza. A. and Oliva, A. and Torralba, A.},
  journal = {CVPR},
  year    = {2016}
}

@article{ren2015faster,
  title   = {Faster r-cnn: Towards real-time object detection with region proposal networks},
  author  = {Ren, Shaoqing and He, Kaiming and Girshick, Ross and Sun, Jian},
  journal = {Advances in neural information processing systems},
  volume  = {28},
  year    = {2015}
}

@software{Jocher_YOLO_by_Ultralytics_2023,
  author  = {Jocher, Glenn and Chaurasia, Ayush and Qiu, Jing},
  license = {AGPL-3.0},
  month   = jan,
  title   = {{YOLO by Ultralytics}},
  url     = {https://github.com/ultralytics/ultralytics},
  version = {8.0.0},
  year    = {2023}
}

@misc{kim2022bridging,
  title         = {Bridging the Gap between Classification and Localization for Weakly Supervised Object Localization},
  author        = {Eunji Kim and Siwon Kim and Jungbeom Lee and Hyunwoo Kim and Sungroh Yoon},
  year          = {2022},
  eprint        = {2204.00220},
  archiveprefix = {arXiv},
  primaryclass  = {cs.CV}
}

@article{DBLP:journals/corr/RussakovskyBFL15,
  author     = {Olga Russakovsky and
                Amy L. Bearman and
                Vittorio Ferrari and
                Li Fei{-}Fei},
  title      = {What's the point: Semantic segmentation with point supervision},
  journal    = {CoRR},
  volume     = {abs/1506.02106},
  year       = {2015},
  url        = {http://arxiv.org/abs/1506.02106},
  eprinttype = {arXiv},
  eprint     = {1506.02106},
  timestamp  = {Wed, 15 Sep 2021 14:13:01 +0200},
  biburl     = {https://dblp.org/rec/journals/corr/RussakovskyBFL15.bib},
  bibsource  = {dblp computer science bibliography, https://dblp.org}
}

@misc{yang2019combinational,
  title         = {Combinational Class Activation Maps for Weakly Supervised Object Localization},
  author        = {Seunghan Yang and Yoonhyung Kim and Youngeun Kim and Changick Kim},
  year          = {2019},
  eprint        = {1910.05518},
  archiveprefix = {arXiv},
  primaryclass  = {cs.CV}
}

@techreport{WahCUB_200_2011,
  title       = {},
  author      = {Wah, C. and Branson, S. and Welinder, P. and Perona, P. and Belongie, S.},
  year        = {2011},
  institution = {California Institute of Technology},
  number      = {CNS-TR-2011-001}
}

@article{ILSVRC15,
  author  = {Olga Russakovsky and Jia Deng and Hao Su and Jonathan Krause and Sanjeev Satheesh and Sean Ma and Zhiheng Huang and Andrej Karpathy and Aditya Khosla and Michael Bernstein and Alexander C. Berg and Li Fei-Fei},
  title   = {{ImageNet Large Scale Visual Recognition Challenge}},
  year    = {2015},
  journal = {International Journal of Computer Vision (IJCV)},
  doi     = {10.1007/s11263-015-0816-y},
  volume  = {115},
  number  = {3},
  pages   = {211-252}
}

@misc{pascal-voc-2007,
  author = {Everingham, M. and Van~Gool, L. and Williams, C. K. I. and Winn, J. and Zisserman, A.},
  title  = {The {PASCAL} {V}isual {O}bject {C}lasses {C}hallenge 2007 {(VOC2007)} {R}esults},
  url    = {http://www.pascal-network.org/challenges/VOC/voc2007/workshop/index.html},
  year   = {2007}
}

@misc{pascal-voc-2012,
  author = {Everingham, M. and Van~Gool, L. and Williams, C. K. I. and Winn, J. and Zisserman, A.},
  title  = {The {PASCAL} {V}isual {O}bject {C}lasses {C}hallenge 2012 {(VOC2012)} {R}esults},
  url    = {http://www.pascal-network.org/challenges/VOC/voc2012/workshop/index.html},
  year   = {2012}
}

@misc{lin2015microsoft,
  title         = {Microsoft COCO: Common Objects in Context},
  author        = {Tsung-Yi Lin and Michael Maire and Serge Belongie and Lubomir Bourdev and Ross Girshick and James Hays and Pietro Perona and Deva Ramanan and C. Lawrence Zitnick and Piotr Dollár},
  year          = {2015},
  eprint        = {1405.0312},
  archiveprefix = {arXiv},
  primaryclass  = {cs.CV}
}

@article{SHAO2022192,
  title   = {Deep Learning for Weakly-Supervised Object Detection and Localization: A Survey},
  journal = {Neurocomputing},
  volume  = {496},
  pages   = {192-207},
  year    = {2022},
  issn    = {0925-2312},
  doi     = {https://doi.org/10.1016/j.neucom.2022.01.095},
  url     = {https://www.sciencedirect.com/science/article/pii/S0925231222001175},
  author  = {Feifei Shao and Long Chen and Jian Shao and Wei Ji and Shaoning Xiao and Lu Ye and Yueting Zhuang and Jun Xiao}
}

@article{DBLP:journals/corr/BilenV15,
  author     = {Hakan Bilen and
                Andrea Vedaldi},
  title      = {Weakly Supervised Deep Detection Networks},
  journal    = {CoRR},
  volume     = {abs/1511.02853},
  year       = {2015},
  url        = {http://arxiv.org/abs/1511.02853},
  eprinttype = {arXiv},
  eprint     = {1511.02853},
  timestamp  = {Mon, 13 Aug 2018 16:46:46 +0200},
  biburl     = {https://dblp.org/rec/journals/corr/BilenV15.bib},
  bibsource  = {dblp computer science bibliography, https://dblp.org}
}

@article{taylor,
  author  = {Seppo Linnainmaa},
  title   = { Taylor expansion of the accumulated rounding error},
  journal = {BIT Numerical Mathematics},
  year    = {1976}
}

@article{uijlings2013selective,
  title     = {Selective Search for Object Recognition},
  author    = {Uijlings, J.R.R. and van de Sande, K.E.A. and Gevers, T. and Smeulders, A.W.M.},
  journal   = {International Journal of Computer Vision},
  volume    = {104},
  number    = {2},
  pages     = {154--171},
  year      = {2013},
  publisher = {Springer Science+Business Media},
  doi       = {10.1007/s11263-013-0620-5}
}

@inproceedings{10.1007/978-3-319-10602-1_26,
  author    = {Zitnick, C. Lawrence
               and Doll{\'a}r, Piotr},
  editor    = {Fleet, David
               and Pajdla, Tomas
               and Schiele, Bernt
               and Tuytelaars, Tinne},
  title     = {Edge Boxes: Locating Object Proposals from Edges},
  booktitle = {Computer Vision -- ECCV 2014},
  year      = {2014},
  publisher = {Springer International Publishing},
  address   = {Cham},
  pages     = {391--405}
}

@misc{simonyan2015deep,
  title         = {Very Deep Convolutional Networks for Large-Scale Image Recognition},
  author        = {Karen Simonyan and Andrew Zisserman},
  year          = {2015},
  eprint        = {1409.1556},
  archiveprefix = {arXiv},
  primaryclass  = {cs.CV}
}

@inproceedings{7780459,
  author    = {He, Kaiming and Zhang, Xiangyu and Ren, Shaoqing and Sun, Jian},
  booktitle = {2016 IEEE Conference on Computer Vision and Pattern Recognition (CVPR)},
  title     = {Deep Residual Learning for Image Recognition},
  year      = {2016},
  volume    = {},
  number    = {},
  pages     = {770-778},
  doi       = {10.1109/CVPR.2016.90}
}

@inproceedings{NIPS2012_c399862d,
  author    = {Krizhevsky, Alex and Sutskever, Ilya and Hinton, Geoffrey E},
  booktitle = {Advances in Neural Information Processing Systems},
  editor    = {F. Pereira and C.J. Burges and L. Bottou and K.Q. Weinberger},
  pages     = {},
  publisher = {Curran Associates, Inc.},
  title     = {ImageNet Classification with Deep Convolutional Neural Networks},
  volume    = {25},
  year      = {2012}
}

@inbook{He_2014,
  title     = {Spatial Pyramid Pooling in Deep Convolutional Networks for Visual Recognition},
  issn      = {1611-3349},
  url       = {http://dx.doi.org/10.1007/978-3-319-10578-9_23},
  doi       = {10.1007/978-3-319-10578-9_23},
  booktitle = {Lecture Notes in Computer Science},
  publisher = {Springer International Publishing},
  author    = {He, Kaiming and Zhang, Xiangyu and Ren, Shaoqing and Sun, Jian},
  year      = {2014},
  pages     = {346–361}
}


@inproceedings{Paszke_PyTorch_An_Imperative_2019,
  author    = {Paszke, Adam and Gross, Sam and Massa, Francisco and Lerer, Adam and Bradbury, James and Chanan, Gregory and Killeen, Trevor and Lin, Zeming and Gimelshein, Natalia and Antiga, Luca and Desmaison, Alban and Kopf, Andreas and Yang, Edward and DeVito, Zachary and Raison, Martin and Tejani, Alykhan and Chilamkurthy, Sasank and Steiner, Benoit and Fang, Lu and Bai, Junjie and Chintala, Soumith},
  booktitle = {Advances in Neural Information Processing Systems 32},
  editor    = {Wallach, H. and Larochelle, H. and Beygelzimer, A. and d'Alché-Buc, F. and Fox, E. and Garnett, R.},
  pages     = {8024--8035},
  publisher = {Curran Associates, Inc.},
  title     = {{PyTorch: An Imperative Style, High-Performance Deep Learning Library}},
  url       = {http://papers.neurips.cc/paper/9015-pytorch-an-imperative-style-high-performance-deep-learning-library.pdf},
  year      = {2019}
}

@misc{huang2023asymmetric,
  title         = {Asymmetric Polynomial Loss For Multi-Label Classification},
  author        = {Yusheng Huang and Jiexing Qi and Xinbing Wang and Zhouhan Lin},
  year          = {2023},
  eprint        = {2304.05361},
  archiveprefix = {arXiv},
  primaryclass  = {cs.LG}
}

@misc{leng2022polyloss,
  title         = {PolyLoss: A Polynomial Expansion Perspective of Classification Loss Functions},
  author        = {Zhaoqi Leng and Mingxing Tan and Chenxi Liu and Ekin Dogus Cubuk and Xiaojie Shi and Shuyang Cheng and Dragomir Anguelov},
  year          = {2022},
  eprint        = {2204.12511},
  archiveprefix = {arXiv},
  primaryclass  = {cs.CV}
}

@misc{smith2018superconvergence,
  title         = {Super-Convergence: Very Fast Training of Neural Networks Using Large Learning Rates},
  author        = {Leslie N. Smith and Nicholay Topin},
  year          = {2018},
  eprint        = {1708.07120},
  archiveprefix = {arXiv},
  primaryclass  = {cs.LG}
}

@article{opencv_library,
  author               = {Bradski, G.},
  citeulike-article-id = {2236121},
  journal              = {Dr. Dobb's Journal of Software Tools},
  keywords             = {bibtex-import},
  posted-at            = {2008-01-15 19:21:54},
  priority             = {4},
  title                = {{The OpenCV Library}},
  year                 = {2000}
}

@article{harris2020array,
  title     = {Array programming with {NumPy}},
  author    = {Charles R. Harris and K. Jarrod Millman and St{\'{e}}fan J.
               van der Walt and Ralf Gommers and Pauli Virtanen and David
               Cournapeau and Eric Wieser and Julian Taylor and Sebastian
               Berg and Nathaniel J. Smith and Robert Kern and Matti Picus
               and Stephan Hoyer and Marten H. van Kerkwijk and Matthew
               Brett and Allan Haldane and Jaime Fern{\'{a}}ndez del
               R{\'{i}}o and Mark Wiebe and Pearu Peterson and Pierre
               G{\'{e}}rard-Marchant and Kevin Sheppard and Tyler Reddy and
               Warren Weckesser and Hameer Abbasi and Christoph Gohlke and
               Travis E. Oliphant},
  year      = {2020},
  month     = sep,
  journal   = {Nature},
  volume    = {585},
  number    = {7825},
  pages     = {357--362},
  doi       = {10.1038/s41586-020-2649-2},
  publisher = {Springer Science and Business Media {LLC}},
  url       = {https://doi.org/10.1038/s41586-020-2649-2}
}

@misc{clark2015pillow,
  title     = {Pillow (PIL Fork) Documentation},
  author    = {Clark, Alex},
  year      = {2015},
  publisher = {readthedocs},
  url       = {https://buildmedia.readthedocs.org/media/pdf/pillow/latest/pillow.pdf}
}

@software{Jocher_YOLOv5_by_Ultralytics_2020,
  author  = {Jocher, Glenn},
  doi     = {10.5281/zenodo.3908559},
  license = {AGPL-3.0},
  month   = may,
  title   = {{YOLOv5 by Ultralytics}},
  url     = {https://github.com/ultralytics/yolov5},
  version = {7.0},
  year    = {2020}
}

@online{iou,
  title   = {Metrics on Object Detection},
  author  = {gandham vignesh babu},
  year    = 2020,
  url     = {https://vignesh943628.medium.com/metrics-on-object-detection-b9fe3f1bac59},
  urldate = {2023-12-21}
}